
@book{feller2013vvedenie,
  title={Введение в теорию вероятностей и ее приложения},
  author={Феллер, Вильям},
  year={2010},
  publisher={URSS: Либроком},
  hypenation={russian},
  addendum={Очень старый и очень классный учебник по теории вероятностей в двух томах}
}

@book{sekey2013paradoxy,
  title={Парадоксы в теории вероятностей и математической статистике},
  author={Секей, Габор},
  year={1990},
  publisher={Москва, Мир},
  hypenation={russian},
  addendum={Парадоксы с решениями и историей}
}

@article{winkler2002games,
  title={Games people don’t play},
  author={Winkler, Peter},
  journal={Puzzler’s Tribute: a Feast for the Mind},
  pages={301--313},
  hypenation={british},
  url={http://www.teorver.ru/newkatalog/1193689162.pdf},
  year={2002},
  addendum={Несколько красивейших задач с решениями!}
}

@misc{gravner20problems,
  author={Gravner, Janko},
  title={Twenty problems in probability},
  year={2010},
  hypenation={british},
  url={https://www.math.ucdavis.edu/~gravner/MAT135A/resources/chpr.pdf}
}

@misc{kolmogorovolymps,
  title={Колмогоровские студенческие олимпиады по теории вероятностей},
  hypenation={russian},
  year={2022},
  url={http://new.math.msu.su/department/probab/os-nf/olimpia-nf.htm}
  
}


@misc{randompermutations,
  title={Свойства случайных перестановок},
  hypenation={british},
  year={2010},
  url={https://en.wikipedia.org/wiki/Random_permutation_statistics}
}


@book{blom1994problems,
  title={Problems and Snapshots from the World of Probability},
  author={Blom, Gunnar},
  year={1994},
  hypenation={british},
  publisher={Springer},
  addendum={Задачи с решениями и небольшими исследованиями}
}

@article{ruggles1947empirical,
  title={An empirical approach to economic intelligence in World War II},
  author={Ruggles, Richard and Brodie, Henry},
  journal={Journal of the American Statistical Association},
  volume={42},
  number={237},
  pages={72--91},
  year={1947},
  publisher={Taylor \& Francis Group},
  hypenation={british},
  addendum={Подробности про то, как захватив всего два танка, можно оценить ежемесячный выпуск с точностью в пару процентов.}
}

@book{zade2003nevesta,
  title={Разборчивая невеста},
  author={Гусейн-Заде, С.М.},
  year={2003},
  publisher={МЦНМО},
  hypenation={russian},
  addendum={Задача в изложении для девятиклассников, \url{http://www.mccme.ru/mmmf-lectures/books/books/book.25.pdf}}
}

@article{friedlen1990e3265,
  title={E3265},
  author={Friedlen, DM and Pryor, Doug},
  journal={The American Mathematical Monthly},
  volume={97},
  number={3},
  pages={242--244},
  year={1990},
  publisher={JSTOR}
}

@misc{894509,
    title = {Expected value of sock pairs},
    author = {stumped (https://math.stackexchange.com/users/169207/stumped)},
    year = {2014},
    URL = {https://math.stackexchange.com/q/894509}
}

@book{wilf2013generatingfunctionology,
  title={generatingfunctionology},
  author={Wilf, Herbert S},
  year={2013},
  publisher={Elsevier},
  url={https://www.math.upenn.edu/~wilf/DownldGF.html},
  addendum={Шикарная книжка про производящие функции}
}


@article{li1980martingale,
  title={A martingale approach to the study of occurrence of sequence patterns in repeated experiments},
  author={Li, Shuo-Yen Robert},
  journal={the Annals of Probability},
  pages={1171--1176},
  year={1980},
  url={https://projecteuclid.org/DPubS?service=UI&version=1.0&verb=Display&handle=euclid.aop/1176994578},
  publisher={JSTOR}
}


@article{bruss2000sum,
  title={Sum the odds to one and stop},
  author={Bruss, F Thomas},
  journal={Annals of Probability},
  pages={1384--1391},
  year={2000},
  url={https://projecteuclid.org/euclid.aop/1019160340},
  addendum={Простейшая стратегия для игр, где надо остановиться на последнем успехе!},
  publisher={JSTOR}
}


@article{jin2018mosseldice,
  author          = {Jimmy Jin},
  title           = {Elchanan Mossel’s dice problem},
  year            = {2018},
  addendum={Кубик подкидывают до первой шестёрки. Сколько в среднем было бросков, если не выпадали решки?},
  url={http://www.yichijin.com/files/elchanan.pdf}
}


@article{vanderbei2011postdoc,
  title={Postdoc variant of the secretary problem},
  author={Vanderbei, Robert},
  journal={},
  pages={},
  hypenation={british},
  url={https://vanderbei.princeton.edu/tex/PostdocProblem/PostdocProb.pdf},
  year={2011},
  addendum={Подружка Разборчивой невесты хочет второго красавца!}
}


@book{Tufte2006,
 author = {Edward R. Tufte},
 title = {Beautiful Evidence},
 year = {2006},
 publisher = {Graphics Press, {LLC}},
 isbn = {0-9613921-7-7}
}

@book{Tufte1990,
 author = {Edward R. Tufte},
 title = {Envisioning Information},
 publisher = {Graphics Press},
 year = {1990},
 isbn = {0-9613921-1-8}
}


