%% LaTeX2e file `probability_dna_caesar.bib'
%% generated by the `filecontents' environment
%% from source `probability_dna_caesar' on 2020/10/19.
%%
@book{Tufte2006,
 author = {Edward R. Tufte},
 title = {Beautiful Evidence},
 year = {2006},
 publisher = {Graphics Press, {LLC}},
 isbn = {0-9613921-7-7}
}

@book{Tufte1990,
 author = {Edward R. Tufte},
 title = {Envisioning Information},
 publisher = {Graphics Press},
 year = {1990},
 isbn = {0-9613921-1-8}
}
